%% This BibTeX bibliography file was created using BibDesk.
%% http://bibdesk.sourceforge.net/


%% Created for Jalal Fadili at 2012-08-24 14:33:28 +0200 


%% Saved with string encoding Western (ISO Latin 1) 


@string{cpam = {Commun. on Pure and Appl. Math.}}

@string{jmiv = {Journal of Mathematical Imaging and Vision}}

@string{mathprog = {Math. Program.}}

@string{mms = {SIAM Multiscale Modeling and Simulation}}

@string{prl = {Physical Review Letters}}

@string{siamcontr = {SIAM J. Control Optim.}}


@article{Attouch10,
	Author = {H. Attouch and L. M. Brice{\~n}o-Arias and P. L. Combettes},
	Date-Added = {2012-08-24 14:33:10 +0200},
	Date-Modified = {2012-08-24 14:33:26 +0200},
	Journal = {SIAM J. Control Optim.},
	Pages = {3246--3270},
	Title = {A parallel splitting method for coupled monotone inclusions},
	Volume = {48},
	Year = {2010}}

@article{Elhamifar12,
	Author = {E. Elhamifar and R. Vidal},
	Date-Added = {2012-08-24 11:14:07 +0200},
	Date-Modified = {2012-08-24 13:50:39 +0200},
	Journal = {IEEE Transactions on Signal Processing},
	Number = {8},
	Pages = {4094-4107},
	Title = {Block-Sparse Recovery via Convex Optimization},
	Volume = {60},
	Year = {2012}}

@inproceedings{Elhamifar09,
	Author = {E. Elhamifar and R. Vidal},
	Booktitle = {CVPR},
	Date-Added = {2012-08-24 11:13:16 +0200},
	Date-Modified = {2012-08-24 13:50:32 +0200},
	Pages = {1873-1879},
	Title = {Robust classification using structured sparse representation},
	Year = {2011}}

@article{Guo08,
	Author = {G. Yu and S. Mallat and E. Bacry},
	Date-Added = {2012-08-24 11:06:45 +0200},
	Date-Modified = {2012-08-24 11:06:45 +0200},
	Journal = ITSP,
	Number = {5},
	Pages = {1830-1839},
	Title = {Audio Denoising by Time-Frequency Block Thresholding},
	Volume = {56},
	Year = {2008}}

@inproceedings{Chaux05,
	Address = {San Diego, CA},
	Author = {C. Chaux and A. Benazza-Benyahia and J.-C. Pesquet},
	Booktitle = {SPIE Conference},
	Date-Added = {2012-08-24 11:06:21 +0200},
	Date-Modified = {2012-08-24 11:06:21 +0200},
	Pages = {1H-1-1H-13},
	Title = {A block-thresholding method for multispectral image denoising},
	Volume = {5914},
	Year = {2005}}

@article{BrezisLions78,
	Author = {H. Brezis and P.-L. Lions},
	Date-Added = {2012-03-28 11:16:33 +0200},
	Date-Modified = {2012-03-28 11:16:33 +0200},
	Journal = {Israel J. Math},
	Number = {4},
	Pages = {329-345},
	Title = {Produits infinis de r\'esolvantes},
	Volume = {29},
	Year = {1978}}

@book{Polyak87,
	Address = {New York},
	Author = {B. T. Polyak},
	Date-Added = {2012-03-28 11:16:25 +0200},
	Date-Modified = {2012-03-28 11:16:25 +0200},
	Publisher = {Optimization Software Inc},
	Title = {Introduction to Optimization},
	Year = {1987}}

@article{Lemaire96a,
	Author = {B. Lemaire},
	Date-Added = {2012-03-28 11:16:15 +0200},
	Date-Modified = {2012-03-28 11:16:15 +0200},
	Journal = {Serdica Mathematical Journal},
	Pages = {331--340},
	Title = {Stability of the iteration method for nonexpansive mappings},
	Volume = {22},
	Year = {1996}}

@inproceedings{Lemaire96b,
	Author = {B. Lemaire},
	Booktitle = {Recent advances in optimization: the 8th French-German Conference on Optimization},
	Date-Added = {2012-03-28 11:16:15 +0200},
	Date-Modified = {2012-03-28 11:16:15 +0200},
	Editor = {P. Gritzmann and R. Horst and E. Sachs and Tichatschke},
	Pages = {154-167},
	Series = {Lecture Notes in Economics and Mathematical Systems},
	Title = {Which fixed point does the iteration method select ?},
	Volume = {452},
	Year = {1997}}

@article{YuanLin06,
	Author = {M. Yuan and Y. Lin},
	Date-Added = {2011-08-01 10:53:09 +0200},
	Date-Modified = {2011-08-01 10:53:09 +0200},
	Journal = {J. of The Roy. Stat. Soc. B},
	Number = 1,
	Pages = {49--67},
	Title = {Model selection and estimation in regression with grouped variables},
	Volume = {68},
	Year = {2006}}

@article{Combettes09b,
	Author = {P. L. Combettes},
	Date-Added = {2011-07-30 00:04:28 +0200},
	Date-Modified = {2011-07-30 00:05:07 +0200},
	Journal = {J. Convex Anal.},
	Pages = {727--748},
	Title = {Iterative construction of the resolvent of a sum of maximal monotone opera- tors},
	Volume = {16},
	Year = {2009}}

@article{SolodovSvaiter99,
	Author = {M. V. Solodov and B. F. Svaiter},
	Date-Added = {2011-07-29 14:36:51 +0200},
	Date-Modified = {2011-07-29 14:37:32 +0200},
	Journal = {Set-Valued Anal.},
	Number = {4},
	Pages = {323--345},
	Title = {A hybrid approximate extragradient-proximal point algorithm using the enlargement of a maximal monotone operator},
	Volume = {7},
	Year = {1999}}

@techreport{MonteiroSvaiter10b,
	Address = {Atlanta},
	Annote = {Submitted to SIAM Journal on Optimization},
	Author = {R. D. C. Monteiro and B. F. Svaiter},
	Date-Added = {2011-07-29 14:26:55 +0200},
	Date-Modified = {2011-07-29 14:39:08 +0200},
	Institution = {School of Industrial and Systems Engineering, Georgia Institute of Technology},
	Note = {Submitted to SIAM Journal on Optimization.},
	Number = {GA 30332-0205},
	Title = {Complexity of variants of {T}seng's modified forward-backward splitting and {K}orpelevich's methods for generalized variational inequalities with applications to saddle point and convex optimization problems},
	Year = {2010}}

@book{Phelps93,
	Author = {R. R. Phelps},
	Date-Added = {2011-07-28 00:44:29 +0200},
	Date-Modified = {2011-07-28 00:45:20 +0200},
	Edition = {Second Edition},
	Publisher = {Springer-Verlag},
	Series = {Lecture Notes Math.},
	Title = {Convex Functions, Monotone Operators and Differentiability},
	Year = {1993}}

@article{Figueiredo10a,
	Author = {M. V. Afonso and J. M. Bioucas-Dias and M. A. T. Figueiredo},
	Date-Added = {2011-07-27 15:58:32 +0200},
	Date-Modified = {2012-03-28 16:31:44 +0200},
	Journal = {{IEEE} Transactions on Image Processing},
	Number = {9},
	Pages = {2345--2356},
	Title = {Fast image recovery using variable splitting and constrained optimization},
	Volume = {19},
	Year = {2010}}

@article{Figueiredo10b,
	Author = {M. A. T. Figueiredo and J. M. Bioucas-Dias},
	Date-Added = {2011-07-27 15:54:24 +0200},
	Date-Modified = {2011-08-19 14:46:38 +0200},
	Journal = {IEEE Transactions on Image Processing},
	Title = {Restoration of {P}oissonian images using alternating direction optimization},
	Year = 2010,
	Bdsk-Url-1 = {http://arxiv.org/abs/1001.2244}}

@article{Dupe12,
	Author = {F.-X. Dup\'e and M. J. Fadili and J.-L. Starck},
	Date-Added = {2011-07-27 15:49:28 +0200},
	Date-Modified = {2012-03-28 16:29:18 +0200},
	Journal = {Statistical Methodology},
	Pages = {4-18},
	Title = {Deconvolution under {P}oisson noise using exact data fidelity and synthesis or analysis sparsity priors},
	Volume = {9},
	Year = {2012}}

@article{Fadili09,
	Author = {S. Durand and M. J. Fadili and M. Nikolova},
	Date-Added = {2011-07-27 15:47:40 +0200},
	Date-Modified = {2011-07-27 15:47:46 +0200},
	Journal = {Journal of Mathematical Imaging and Vision},
	Pages = {201-226},
	Title = {Multiplicative Noise Removal Using L1 Fidelity on Frame Coefficients},
	Volume = {36},
	Year = {2010}}

@article{Bredies08,
	Author = {K. Bredies and D. A. Lorenz},
	Date-Added = {2011-07-27 15:36:44 +0200},
	Date-Modified = {2011-07-27 15:38:17 +0200},
	Journal = {J. Fourier Anal. Appl.},
	Month = {Dec},
	Note = {813--837},
	Title = {Linear Convergence of Iterative Soft-Thresholding},
	Volume = 14,
	Year = 2008}

@article{Briceno-Arias09,
	Affiliation = {Laboratoire Jacques-Louis Lions CNRS UMR 7598, UPMC Universit{\'e} Paris 06, 75005 Paris, France},
	Author = {L. M. Brice{\~{n}}o-Arias and P. L. Combettes},
	Date-Added = {2011-07-27 15:30:40 +0200},
	Date-Modified = {2011-08-19 14:50:52 +0200},
	Issn = {0924-9907},
	Journal = {Numer. Math. Theory Methods Appl.},
	Keyword = {Computer Science},
	Pages = {485--508},
	Publisher = {Springer Netherlands},
	Title = {Convex variational formulation with smooth coupling for multicomponent signal decomposition and recovery},
	Url = {http://dx.doi.org/10.1007/s10851-010-0243-1},
	Volume = {2},
	Year = {2009},
	Bdsk-Url-1 = {http://dx.doi.org/10.1007/s10851-010-0243-1}}

@inproceedings{Dupe11a,
	Address = {Brussels},
	Archiveprefix = {arXiv},
	Author = {F.-X. Dup\'e and J. M. Fadili and J.-L. Starck},
	Booktitle = {International Conference on Image Processing (ICIP)},
	Date-Added = {2011-07-27 15:18:39 +0200},
	Date-Modified = {2011-08-19 14:45:32 +0200},
	Eprint = {1103.2209},
	Journal = {ArXiv e-prints},
	Keywords = {Optimization - Statistics - Applications},
	Primaryclass = {stat.AP},
	Title = {Inverse Problems with {P}oisson noise: Primal and Primal-Dual Splitting},
	Year = 2011}

@article{CombettesPesquet07,
	Author = {P. L. Combettes and J.-C. Pesquet},
	Date-Added = {2011-07-27 15:16:18 +0200},
	Date-Modified = {2011-07-27 15:16:18 +0200},
	Doi = {10.1137/060669498},
	Journal = {SIAM Journal on Optimization},
	Note = {1351--1376},
	Number = {4},
	Publisher = {SIAM},
	Title = {Proximal Thresholding Algorithm for Minimization over Orthonormal Bases},
	Volume = {18},
	Year = {2007},
	Bdsk-Url-1 = {http://link.aip.org/link/?SJE/18/1351/1},
	Bdsk-Url-2 = {http://dx.doi.org/10.1137/060669498}}

@article{Chaux07,
	Author = {C. Chaux and P. L. Combettes and J.-C. Pesquet and V. R. Wajs},
	Date-Added = {2011-07-27 15:15:37 +0200},
	Date-Modified = {2011-07-27 15:15:37 +0200},
	Journal = {Inverse Problems},
	Month = {June},
	Pages = {1495--1518},
	Title = {A variational formulation for frame based inverse problems},
	Volume = {23},
	Year = {2007}}

@article{Fadili06,
	Author = {M. J. Fadili and J.-L Starck and F. Murtagh},
	Date-Added = {2011-07-27 15:14:05 +0200},
	Date-Modified = {2011-07-27 15:14:16 +0200},
	Journal = {The Computer Journal},
	Pages = {64--79},
	Title = {Inpainting and Zooming using Sparse Representations},
	Volume = {52},
	Year = {2007}}

@article{FigueiredoNowak03,
	Author = {M. A. T. Figueiredo and R. Nowak},
	Date-Added = {2011-07-27 15:13:42 +0200},
	Date-Modified = {2011-07-27 15:13:42 +0200},
	Journal = {IEEE Transactions on Image Processing},
	Number = {8},
	Pages = {906--916},
	Title = {An {EM} Algorithm for Wavelet-Based Image Restoration},
	Volume = {12},
	Year = {2003}}

@book{FadiliStarckBook09,
	Address = {Cambridge, UK},
	Author = {J.-L. Starck and F. Murtagh and M. J. Fadili},
	Date-Added = {2011-07-27 14:42:46 +0200},
	Date-Modified = {2011-07-27 14:42:46 +0200},
	Note = {in press},
	Publisher = {Cambridge University Press},
	Title = {Sparse Signal and Image Processing: Wavelets, Curvelets and Morphological Diversity},
	Year = {2010}}

@article{Kowalski09,
	Author = {M. Kowalski and B. Torr{\'e}sani},
	Date-Added = {2011-07-27 14:42:10 +0200},
	Date-Modified = {2012-08-24 13:49:39 +0200},
	Journal = {Signal, Image and Video Processing},
	Number = {3},
	Pages = {251-264},
	Title = {Sparsity and persistence: mixed norms provide simple signal models with dependent coefficients},
	Volume = {3},
	Year = {2009}}

@article{CombettesPesquet11,
	Author = {P. L. Combettes and J.-C. Pesquet},
	Date-Added = {2011-07-26 01:18:44 +0200},
	Date-Modified = {2012-08-24 13:43:23 +0200},
	Journal = {Set-Valued and Variational Analysis},
	Month = {Jun.},
	Number = {2},
	Pages = {307-330},
	Title = {Primal-dual splitting algorithm for solving inclusions with mixtures of composite, {L}ipschitzian, and parallel-sum monotone operators},
	Volume = {20},
	Year = {2012}}

@article{Dupe09,
	Author = {F.-X. Dup{\'e} and M. J. Fadili and J.-L. Starck},
	Bibsource = {DBLP, http://dblp.uni-trier.de},
	Date-Added = {2011-07-26 01:11:50 +0200},
	Date-Modified = {2011-08-19 14:46:43 +0200},
	Ee = {http://dx.doi.org/10.1109/TIP.2008.2008223},
	Journal = {IEEE Transactions on Image Processing},
	Number = {2},
	Pages = {310-321},
	Title = {A Proximal Iteration for Deconvolving {P}oisson Noisy Images Using Sparse Representations},
	Volume = {18},
	Year = {2009}}

@article{Combettes07a,
	Author = {P. L. Combettes and J.-C. Pesquet},
	Date-Added = {2011-07-26 00:46:46 +0200},
	Date-Modified = {2012-03-28 16:24:10 +0200},
	Journal = {IEEE J. Selected Topics in Signal Processing},
	Number = 4,
	Pages = {564--574},
	Title = {A {D}ouglas-{R}achford Splitting Approach to Nonsmooth Convex Variational Signal Recovery},
	Volume = 1,
	Year = {2007}}

@article{Combettes10,
	Author = {P. L. Combettes and D. D{\~{u}}ng and B. C. V{\~{u}}},
	Date-Added = {2011-07-26 00:12:48 +0200},
	Date-Modified = {2011-08-19 14:52:02 +0200},
	Journal = {Set-Valued and Variational Analysis},
	Pages = {373--404},
	Title = {Dualization of signal recovery problems},
	Volume = {18},
	Year = {2010}}

@article{FadiliPeyre10,
	Author = {M. J. Fadili and G. Peyr{\'e}},
	Date-Added = {2011-07-26 00:10:14 +0200},
	Date-Modified = {2012-03-28 16:30:50 +0200},
	Journal = {{IEEE} Transactions on Image Processing},
	Number = {3},
	Pages = {657-669},
	Title = {Total Variation Projection with First Order Schemes},
	Volume = {20},
	Year = {2010}}

@article{Popov80,
	Author = {L. D. Popov},
	Date-Added = {2011-07-25 23:55:29 +0200},
	Date-Modified = {2011-07-25 23:55:58 +0200},
	Journal = {Mat. Zametki},
	Number = {5},
	Pages = {777-784},
	Title = {A modification of the {A}rrow-{H}urwitz method of search for saddle points},
	Volume = {28},
	Year = {1980}}

@article{Korpelevich76,
	Author = {G. M. Korpelevich},
	Date-Added = {2011-07-25 23:51:52 +0200},
	Date-Modified = {2011-08-19 14:49:16 +0200},
	Journal = {Ekonom. Mat. Metody},
	Number = {4},
	Pages = {747--756},
	Title = {An extragradient method for finding saddle points and for other problems},
	Volume = {12},
	Year = {1976}}

@book{BauschkeCombettes11,
	Address = {New York},
	Author = {H. H. Bauschke and P. L. Combettes},
	Date-Added = {2011-07-25 22:36:34 +0200},
	Date-Modified = {2011-08-20 15:12:52 +0200},
	Publisher = {Springer-Verlag},
	Title = {Convex Analysis and Monotone Operator Theory in {H}ilbert Spaces.},
	Year = {2011}}

@article{Daubechies04,
	Author = {I. Daubechies and M. Defrise and C. De Mol},
	Journal = cpam,
	Number = 11,
	Pages = {1413--1541},
	Title = {An iterative thresholding algorithm for linear inverse problems with a sparsity constraint},
	Volume = 57,
	Year = 2004}

@article{Chambolle04,
	Author = {A. Chambolle},
	Journal = jmiv,
	Number = {1--2},
	Pages = {89--97},
	Title = {An algorithm for total variation minimization and applications},
	Volume = {20},
	Year = 2004}

@article{Moreau65,
	Author = {J.-J. Moreau},
	Date-Modified = {2011-07-25 22:40:29 +0200},
	Journal = {Bull. Soc. Math. France},
	Title = {Proximit\'e et dualit\'e dans un espace hilbertien},
	Year = {1965}}

@article{Mercier79,
	Author = {B. Mercier},
	Journal = {Lectures on Mathematics},
	Title = {Topics in Finite Element Solution of Elliptic Problems},
	Volume = {63},
	Year = {1979}}

@article{Combettes04,
	Author = {P. L. Combettes},
	Journal = {Optimization},
	Number = {5-6},
	Pages = {475--504},
	Title = {Solving monotone inclusions via compositions of nonexpansive averaged operators},
	Volume = {53},
	Year = {2004}}

@article{GabayMercier76,
	Author = {D. Gabay and B. Mercier},
	Doi = {DOI: 10.1016/0898-1221(76)90003-1},
	Issn = {0898-1221},
	Journal = {Computers \& Mathematics with Applications},
	Number = {1},
	Pages = {17--40},
	Title = {A dual algorithm for the solution of nonlinear variational problems via finite element approximation},
	Volume = {2},
	Year = {1976},
	Bdsk-Url-1 = {http://dx.doi.org/10.1016/0898-1221(76)90003-1}}

@book{GlowinskiLeTallec89,
	Author = {R. Glowinski and P. Le Tallec},
	Date-Modified = {2011-08-19 14:47:28 +0200},
	Masid = {1977774},
	Publisher = {SIAM},
	Title = {Augmented {L}agrangian and Operator-Splitting Methods in Nonlinear Mechanics},
	Year = {1989}}

@article{ChenTeboulle94,
	Author = {G. Chen and M. Teboulle},
	Bibsource = {DBLP, http://dblp.uni-trier.de},
	Journal = mathprog,
	Number = {1-3},
	Pages = {81--101},
	Title = {A proximal-based decomposition method for convex minimization problems},
	Volume = {64},
	Year = {1994}}

@article{Tseng91,
	Acmid = {104196},
	Address = {Philadelphia, PA, USA},
	Author = {P. Tseng},
	Doi = {10.1137/0329006},
	Issn = {0363-0129},
	Journal = siamcontr,
	Month = {January},
	Number = {1},
	Numpages = {20},
	Pages = {119--138},
	Publisher = {Society for Industrial and Applied Mathematics},
	Title = {Applications of splitting algorithm to decomposition in convex programming and variational inequalities},
	Volume = {29},
	Year = {1991},
	Bdsk-Url-1 = {http://dx.doi.org/10.1137/0329006}}

@article{CombettesWajs05,
	Author = {P. L. Combettes and V. R. Wajs},
	Journal = mms,
	Number = {4},
	Pages = {1168},
	Publisher = {Citeseer},
	Title = {Signal recovery by proximal forward-backward splitting},
	Volume = {4},
	Year = {2005}}

@techreport{Nesterov07,
	Author = {Y. Nesterov},
	Institution = {Universit{\'e} catholique de Louvain, Center for Operations Research and Econometrics (CORE)},
	Month = {Sep},
	Number = {2007076},
	Title = {Gradient methods for minimizing composite objective function},
	Type = {CORE Discussion Papers},
	Url = {http://ideas.repec.org/p/cor/louvco/2007076.html},
	Year = {2007},
	Bdsk-Url-1 = {http://ideas.repec.org/p/cor/louvco/2007076.html}}

@article{Tseng00,
	Author = {P. Tseng},
	Journal = siamcontr,
	Masid = {2592126},
	Number = 2,
	Title = {A modified forward-backward splitting method for maximal monotone mapping},
	Volume = 38,
	Year = {2000}}

@article{ChenRockafellar97,
	Author = {G. H.-G. Chen and R. T. Rockafellar},
	Doi = {10.1137/S1052623495290179},
	Journal = {SIAM Journal on Optimization},
	Number = {2},
	Pages = {421-444},
	Publisher = {SIAM},
	Title = {Convergence Rates in Forward--Backward Splitting},
	Volume = {7},
	Year = {1997},
	Bdsk-Url-1 = {http://dx.doi.org/10.1137/S1052623495290179}}

@article{Tseng08,
	Author = {P. Tseng},
	Journal = {submitted to SIAM Journal on Optimization},
	Priority = {2},
	Title = {On accelerated proximal gradient methods for convex-concave optimization},
	Year = {2008}}

@article{BeckTeboulle09,
	Address = {Philadelphia, PA, USA},
	Author = {A. Beck and M. Teboulle},
	Date-Modified = {2011-08-23 12:46:56 +0200},
	Doi = {10.1137/080716542},
	Issn = {1936-4954},
	Journal = {SIAM J. Img. Sci.},
	Month = {March},
	Number = {1},
	Numpages = {20},
	Pages = {183--202},
	Publisher = {Society for Industrial and Applied Mathematics},
	Title = {A Fast Iterative Shrinkage-Thresholding Algorithm for Linear Inverse Problems},
	Volume = {2},
	Year = {2009},
	Bdsk-Url-1 = {http://dx.doi.org/10.1137/080716542}}

@article{EcksteinBertsekas92,
	Author = {J. Eckstein and D. P. Bertsekas},
	Journal = mathprog,
	Number = 3,
	Pages = {293--318},
	Title = {On the {D}ouglas-{R}achford splitting method and the proximal point algorithm for maximal monotone operators},
	Volume = {55},
	Year = {1992}}

@article{DouglasRachford56,
	Author = {J. Douglas and H. H. Rachford},
	Issn = {00029947},
	Journal = {Transactions of the American Mathematical Society},
	Jstor_Articletype = {research-article},
	Language = {English},
	Number = {2},
	Pages = {421--439},
	Publisher = {American Mathematical Society},
	Title = {On the Numerical Solution of Heat Conduction Problems in Two and Three Space Variables},
	Volume = {82},
	Year = {1956}}

@article{PeacemanRachford55,
	Author = {D. W. Peaceman and H. H. Rachford},
	Copyright = {Copyright {\^A}{\copyright} 1955 Society for Industrial and Applied Mathematics},
	Issn = {03684245},
	Journal = {Journal of the Society for Industrial and Applied Mathematics},
	Jstor_Formatteddate = {Mar., 1955},
	Language = {English},
	Number = {1},
	Pages = {pp. 28-41},
	Publisher = {Society for Industrial and Applied Mathematics},
	Title = {The Numerical Solution of Parabolic and Elliptic Differential Equations},
	Url = {http://www.jstor.org/stable/2098834},
	Volume = {3},
	Year = {1955},
	Bdsk-Url-1 = {http://www.jstor.org/stable/2098834}}

@article{LionsMercier79,
	Author = {P.-L. Lions and B. Mercier},
	Doi = {10.1137/0716071},
	Journal = {SIAM Journal on Numerical Analysis},
	Number = {6},
	Pages = {964-979},
	Publisher = {SIAM},
	Title = {Splitting Algorithms for the Sum of Two Nonlinear Operators},
	Url = {http://link.aip.org/link/?SNA/16/964/1},
	Volume = {16},
	Year = {1979},
	Bdsk-Url-1 = {http://link.aip.org/link/?SNA/16/964/1},
	Bdsk-Url-2 = {http://dx.doi.org/10.1137/0716071}}

@phdthesis{Lieutaud69,
	Author = {J. Lieutaud},
	School = {Universit\'e de Paris},
	Title = {Approximation d'Op\'erateurs par des M\'ethodes de D\'ecomposition},
	Year = {1969}}

@article{Lions78,
	Affiliation = {Ecole Normale Sup{\'e}rieure 45 Rue d'Ulm 75005 Paris France},
	Author = {P.-L. Lions},
	Date-Modified = {2011-07-25 14:07:04 +0200},
	Issn = {0021-2172},
	Journal = {Israel Journal of Mathematics},
	Keyword = {Computer Science},
	Number = {2},
	Pages = {204-208},
	Publisher = {Hebrew University Magnes Press},
	Title = {Une m{\'e}thode it{\'e}rative de r{\'e}solution d'une in{\'e}quation variationnelle},
	Url = {http://dx.doi.org/10.1007/BF02760552},
	Volume = {31},
	Year = {1978},
	Bdsk-Url-1 = {http://dx.doi.org/10.1007/BF02760552}}

@article{Passty79,
	Author = {G. B. Passty},
	Date-Modified = {2011-08-19 14:44:30 +0200},
	Journal = {Journal of Mathematical Analysis and Applications},
	Number = 2,
	Pages = {383--390},
	Title = {Ergodic convergence to a zero of the sum of monotone operators in {H}ilbert space},
	Volume = {72},
	Year = {1979}}

@article{AckerPrestel80,
	Author = {F. Acker and M. A. Prestel},
	Date-Modified = {2011-07-25 14:03:59 +0200},
	Journal = {Annales de la facult{\'e} des sciences de Toulouse},
	Number = 1,
	Pages = {1--9},
	Title = {Convergence d'un sch{\'e}ma de minimisation altern{\'e}e},
	Volume = {5,2},
	Year = {1980}}

@article{Bauschke05,
	Author = {H. H. Bauschke and P. L. Combettes and S. Reich},
	Doi = {10.1016/j.na.2004.07.054},
	Journal = {Nonlinear Analysis-theory Methods \& Applications},
	Masid = {4548693},
	Pages = {283--301},
	Title = {The asymptotic behavior of the composition of two resolvents},
	Volume = {60},
	Year = {2005},
	Bdsk-Url-1 = {http://dx.doi.org/10.1016/j.na.2004.07.054}}

@book{FortinGlowinski83,
	Address = {Amsterdam},
	Author = {M. Fortin and R. Glowinski},
	Date-Modified = {2011-08-19 14:47:34 +0200},
	Publisher = {Elsevier Science Publishers},
	Title = {Augmented {L}agrangian Methods: Applications to the Numerical Solution of Boundary-Value Problems},
	Year = {1983}}

@inproceedings{Gabay83,
	Address = {Amsterdam},
	Author = {D. Gabay},
	Booktitle = {Augmented {L}agrangian Methods: Applications to the Numerical Solution of Boundary-value Problems},
	Date-Modified = {2011-08-19 14:47:47 +0200},
	Editor = {M. Fortin and R. Glowinski},
	Publisher = {North-Holland Publishing Company},
	Title = {Applications of the Method of Multipliers to Variational Inequalities},
	Year = {1983}}

@article{Briceno-Arias10,
	Affiliation = {Laboratoire Jacques-Louis Lions CNRS UMR 7598, UPMC Universit{\'e} Paris 06, 75005 Paris, France},
	Author = {L. M. Brice{\~{n}}o-Arias and P. L. Combettes and J.-C. Pesquet and N. Pustelnik},
	Date-Modified = {2011-08-19 14:50:05 +0200},
	Issn = {0924-9907},
	Journal = {Journal of Mathematical Imaging and Vision},
	Keyword = {Computer Science},
	Pages = {1-20},
	Publisher = {Springer Netherlands},
	Title = {Proximal Algorithms for Multicomponent Image Recovery Problems},
	Url = {http://dx.doi.org/10.1007/s10851-010-0243-1},
	Year = {2010},
	Bdsk-Url-1 = {http://dx.doi.org/10.1007/s10851-010-0243-1}}

@article{Briceno-AriasCombettes11,
	Affiliation = {Laboratoire Jacques-Louis Lions CNRS UMR 7598, UPMC Universit{\'e} Paris 06, 75005 Paris, France},
	Author = {L. M. Brice{\~{n}}o-Arias and P. L. Combettes},
	Date-Modified = {2012-03-28 16:23:23 +0200},
	Journal = {SIAM J. Opt.},
	Pages = {1230--1250},
	Title = {A monotone+skew splitting model for composite monotone inclusions in duality},
	Volume = {21},
	Year = {2011}}

@article{MonteiroSvaiter10,
	Author = {R. D. C. Monteiro and B. F. Svaiter},
	Date-Modified = {2011-08-19 14:47:18 +0200},
	Journal = {submitted},
	Title = {Iteration-complexity of block-decomposition algorithms and the alternating minimization augmented {L}agrangian method},
	Year = {2010}}

@article{Tseng97,
	Author = {P. Tseng},
	Doi = {10.1137/S1052623495279797},
	Journal = {SIAM Journal on Optimization},
	Keywords = {maximal monotone operator; monotone variational inequality; proximal point method; projection-type method; error bound; linear convergence},
	Number = {4},
	Pages = {951-965},
	Publisher = {SIAM},
	Title = {Alternating Projection-Proximal Methods for Convex Programming and Variational Inequalities},
	Url = {http://link.aip.org/link/?SJE/7/951/1},
	Volume = {7},
	Year = {1997},
	Bdsk-Url-1 = {http://link.aip.org/link/?SJE/7/951/1},
	Bdsk-Url-2 = {http://dx.doi.org/10.1137/S1052623495279797}}

@article{Solodov04,
	Author = {M. V. Solodov},
	Journal = {Optim. Methods Softw.},
	Pages = {557--575},
	Title = {A class of decomposition methods for convex optimization and monotone variational inclusions via the hybrid inexact proximal point framework},
	Volume = {19},
	Year = {2004}}

@article{ChambollePock11,
	Address = {Norwell, MA, USA},
	Author = {A. Chambolle and T. Pock},
	Issn = {0924-9907},
	Journal = {J. Math. Imaging Vis.},
	Keywords = {Convex optimization, Dual approaches, Image, Inverse problems, Reconstruction, Total variation},
	Month = {May},
	Number = {1},
	Pages = {120--145},
	Publisher = {Kluwer Academic Publishers},
	Title = {A First-Order Primal-Dual Algorithm for Convex Problems with Applications to Imaging},
	Volume = {40},
	Year = {2011}}

@book{ArrowHurwicz58,
	Author = {K. J. Arrow and L. Hurwicz and H. Uzawa},
	Publisher = {Stanford University Press},
	Title = {Studies in linear and non-linear programming},
	Year = {1958}}

@article{EcksteinSvaiter09,
	Author = {J. Eckstein and B. F. Svaiter},
	Doi = {10.1137/070698816},
	Journal = siamcontr,
	Keywords = {monotone operators; splitting algorithms; proximal algorithms},
	Number = {2},
	Pages = {787-811},
	Publisher = {SIAM},
	Title = {General Projective Splitting Methods for Sums of Maximal Monotone Operators},
	Url = {http://link.aip.org/link/?SJC/48/787/1},
	Volume = {48},
	Year = {2009},
	Bdsk-Url-1 = {http://link.aip.org/link/?SJC/48/787/1},
	Bdsk-Url-2 = {http://dx.doi.org/10.1137/070698816}}

@article{CombettesPesquet08,
	Abstract = {A broad range of inverse problems can be abstracted into the problem of minimizing the sum of several convex functions in a Hilbert space. We propose a proximal decomposition algorithm for solving this problem with an arbitrary number of nonsmooth functions and establish its weak convergence. The algorithm fully decomposes the problem in that it involves each function individually via its own proximity operator. A significant improvement over the methods currently in use in the area of inverse problems is that it is not limited to two nonsmooth functions. Numerical applications to signal and image processing problems are demonstrated.},
	Author = {P. L. Combettes and J.-C. Pesquet},
	Journal = {Inverse Problems},
	Number = {6},
	Pages = {065014},
	Title = {A proximal decomposition method for solving convex variational inverse problems},
	Url = {http://stacks.iop.org/0266-5611/24/i=6/a=065014},
	Volume = {24},
	Year = {2008},
	Bdsk-Url-1 = {http://stacks.iop.org/0266-5611/24/i=6/a=065014}}

@article{Spingarn83,
	Affiliation = {School of Mathematics Georgia Institute of Technology 30332 Atlanta GA USA},
	Author = {J. E. Spingarn},
	Issn = {0095-4616},
	Journal = {Applied Mathematics \& Optimization},
	Keyword = {Mathematics and Statistics},
	Number = {1},
	Pages = {247-265},
	Publisher = {Springer New York},
	Title = {Partial inverse of a monotone operator},
	Volume = {10},
	Year = {1983}}

@article{Combettes09,
	Author = {P. L. Combettes},
	Journal = {J. Convex Anal.},
	Number = 4,
	Pages = {727--748},
	Title = {Iterative construction of the resolvent of a sum of maximal monotone operators},
	Volume = {16},
	Year = {2009}}

@article{Eckstein94,
	Author = {J. Eckstein},
	Issn = {0022-3239},
	Journal = {Journal of Optimization Theory and Applications},
	Keyword = {Computer Science},
	Number = {1},
	Pages = {39-62},
	Publisher = {Springer Netherlands},
	Title = {Parallel alternating direction multiplier decomposition of convex programs},
	Volume = {80},
	Year = {1994}}

@article{PesquetPustelnik11,
	Author = {J.-C. Pesquet and N. Pustelnik},
	Date-Modified = {2012-08-24 13:45:46 +0200},
	Journal = {Pacific Journal of Optimization},
	Month = {Apr.},
	Number = {2},
	Pages = {273-306},
	Title = {A parallel inertial proximal optimization method},
	Volume = {8},
	Year = {2012}}

@article{Chaux09,
	Author = {C. Chaux and J.-C. Pesquet and N. Pustelnik},
	Date-Modified = {2011-08-19 14:46:53 +0200},
	Doi = {10.1137/080727749},
	Journal = {SIAM Journal on Imaging Sciences},
	Keywords = {wavelets; dual-trees; restoration; deconvolution; optimization; convex analysis; iterative algorithms; forward-backward; DouglasRachford; variational methods; Bayesian approaches; maximum a posteriori; {P}oisson noise},
	Number = {2},
	Pages = {730-762},
	Publisher = {SIAM},
	Title = {Nested Iterative Algorithms for Convex Constrained Image Recovery Problems},
	Url = {http://link.aip.org/link/?SII/2/730/1},
	Volume = {2},
	Year = {2009},
	Bdsk-Url-1 = {http://link.aip.org/link/?SII/2/730/1},
	Bdsk-Url-2 = {http://dx.doi.org/10.1137/080727749}}

@book{Rockafellar70,
	Author = {R. T. Rockafellar},
	Publisher = {Princeton University Press},
	Title = {Convex Analysis},
	Year = {1970}}

@inproceedings{Zarantonello71,
	Author = {E. H. Zarantonello},
	Booktitle = {Projections on convex sets in {H}ilbert space and spectral theory},
	Date-Modified = {2011-08-19 14:44:40 +0200},
	Pages = {237--341},
	Publisher = {Academic Press},
	Title = {I. Projections on convex sets, Contributions to nonlinear functional analysis},
	Year = {1971}}

@article{Minty62,
	Author = {O. J. Minty},
	Date-Modified = {2011-08-19 14:44:50 +0200},
	Journal = {Duke Math. J},
	Number = 3,
	Pages = {341--346},
	Title = {Montone (nonlinear) operators in {H}ilbert space},
	Volume = {29},
	Year = {1962}}

@article{BaillonHaddad77,
	Author = {J.-B. Baillon and G. Haddad},
	Date-Modified = {2011-07-25 22:38:03 +0200},
	Journal = {Israel J. Math},
	Pages = {137--150},
	Title = {Quelques propri{\'e}t{\'e}s des op{\'e}rateurs angle-born{\'e}s et n-cycliquement monotones},
	Volume = {26},
	Year = {1977}}

@article{Browder67,
	Affiliation = {California Institute of Technology Alfred P. Sloan Laboratory of Mathematics and Physics University of Chicago 91109 Pasadena California},
	Author = {F. E. Browder},
	Issn = {0025-5874},
	Journal = {Mathematische Zeitschrift},
	Keyword = {Mathematics and Statistics},
	Number = {3},
	Pages = {201-225},
	Publisher = {Springer Berlin / Heidelberg},
	Title = {Convergence theorems for sequences of nonlinear operators in Banach spaces},
	Url = {http://dx.doi.org/10.1007/BF01109805},
	Volume = {100},
	Year = {1967},
	Bdsk-Url-1 = {http://dx.doi.org/10.1007/BF01109805}}

@article{Rockafellar76,
	Author = {R. T. Rockafellar},
	Journal = siamcontr,
	Masid = {2075763},
	Number = 3,
	Pages = {877--898},
	Title = {Monotone Operators and the Proximal Point Algorithm},
	Volume = 14,
	Year = {1976}}

@incollection{Bobin08,
	Author = {J. Bobin and J.-L. Starck and Y. Moudden and M. J. Fadili},
	Booktitle = {Advances in Imaging and Electron Physics},
	Doi = {DOI: 10.1016/S1076-5670(08)00605-8},
	Issn = {1076-5670},
	Pages = {221--302},
	Publisher = {Elsevier},
	Series = {Advances in Imaging and Electron Physics},
	Title = {Chapter 5 Blind Source Separation: The Sparsity Revolution},
	Url = {http://www.sciencedirect.com/science/article/pii/S1076567008006058},
	Volume = {152},
	Year = {2008},
	Bdsk-Url-1 = {http://www.sciencedirect.com/science/article/pii/S1076567008006058},
	Bdsk-Url-2 = {http://dx.doi.org/10.1016/S1076-5670(08)00605-8}}

@article{ChambolleLions97,
	Author = {A. Chambolle and P.-L. Lions},
	Issn = {0029-599X},
	Journal = {Numerische Mathematik},
	Keyword = {Mathematics and Statistics},
	Number = {2},
	Pages = {167-188},
	Publisher = {Springer Berlin / Heidelberg},
	Title = {Image recovery via total variation minimization and related problems},
	Url = {http://dx.doi.org/10.1007/s002110050258},
	Volume = {76},
	Year = {1997},
	Bdsk-Url-1 = {http://dx.doi.org/10.1007/s002110050258}}

@misc{Candes07,
	Author = {E. J. Cand{\`e}s and M. B. Wakin and S. P. Boyd},
	Title = {Enhancing Sparsity by Reweighted $\ell_1$ Minimization},
	Year = {2007}}

@inbook{CombettesPesquet09,
	Author = {P. L. Combettes and J.-C. Pesquet},
	Chapter = {Proximal Splitting Methods in Signal Processing},
	Pages = {185--212},
	Publisher = {Springer-Verlag},
	Title = {Fixed-Point Algorithms for Inverse Problems in Science and Engineering},
	Year = 2011}

@inproceedings{Dupe11b,
	Address = {Paris},
	Author = {F.-X. Dup\'e and J. M. Fadili and J.-L. Starck},
	Booktitle = {1st International Workshop on New Computational Methods for Inverse Problems},
	Date-Modified = {2011-08-20 15:16:08 +0200},
	Title = {Linear inverse problems with various noise models and mixed regularizations},
	Year = 2011}

@article{Attouch09,
	Author = {H. Attouch and M. Soueycatt},
	Date-Modified = {2011-08-19 14:47:22 +0200},
	Identifier = {1161.65332},
	Issn = {1348-9151},
	Journal = {Pacific Journal of Optimization},
	Msc2010 = {65K05 (65K10 46N10 49J40 49M27 90B50 90C25)},
	Number = {1},
	Pages = {17-37},
	Publisher = {Yokohama Publishers, Yokohama},
	Title = {Augmented {L}agrangian and proximal alternating direction methods of multipliers in {H}ilbert spaces. Applications to games, {PDE}'s and control.},
	Volume = {5},
	Year = {2009}}

@article{Jenatton09,
	Archiveprefix = {arXiv},
	Author = {R. Jenatton and J.-Y. Audibert and F. Bach},
	Eprint = {0904.3523},
	Journal = {ArXiv e-prints},
	Keywords = {Statistics - Machine Learning},
	Month = apr,
	Primaryclass = {stat.ML},
	Title = {Structured Variable Selection with Sparsity-Inducing Norms},
	Year = 2009}

@article{Donoho95,
	Author = {D. L. Donoho},
	Doi = {10.1109/18.382009},
	Journal = {IEEE Transactions on Information Theory},
	Masid = {1266460},
	Number = 3,
	Pages = {613--627},
	Title = {De-noising by soft-thresholding},
	Volume = {41},
	Year = {1995},
	Bdsk-Url-1 = {http://dx.doi.org/10.1109/18.382009}}

@article{Abraham06,
	Author = {I. Abraham and R. Abraham and M. Bergounioux},
	Eprint = {arXiv:math/0607243},
	Journal = {ArXiv Mathematics e-prints},
	Keywords = {Mathematics - Optimization and Control, Computer Science - Computer Vision and Pattern Recognition},
	Month = jul,
	Title = {An active curve approach for tomographic reconstruction of binary radially symmetric objects},
	Year = 2006}

@book{Mallat99,
	Author = {S. Mallat},
	Publisher = {Academic Press},
	Title = {{A Wavelet Tour of Signal Processing, Third Edition}},
	Year = {2008}}

@article{Pustelnik11,
	Author = {N. Pustelnik and C. Chaux and J.-C. Pesquet},
	Date-Modified = {2012-08-24 13:45:02 +0200},
	Journal = {IEEE Transactions on Image Processing},
	Month = {Sep.},
	Number = {9},
	Pages = {2450--2462},
	Title = {Parallel ProXimal Algorithm for Image Restoration Using Hybrid Regularization},
	Volume = {20},
	Year = {2011}}

@article{Jenatton10,
	Archiveprefix = {arXiv},
	Author = {R. Jenatton and J. Mairal and G. Obozinski and F. Bach},
	Eprint = {1009.2139},
	Journal = {ArXiv e-prints},
	Keywords = {Statistics - Machine Learning},
	Month = sep,
	Primaryclass = {stat.ML},
	Title = {Proximal Methods for Hierarchical Sparse Coding},
	Year = 2010}

@misc{Cai99,
	Author = {T. T. Cai and B. W. Silverman},
	Title = {Incorporating Information on Neighboring Coefficients into Wavelet Estimation},
	Year = {1999}}

@article{ROF92,
	Acmid = {142312},
	Address = {Amsterdam, The Netherlands, The Netherlands},
	Author = {L. I. Rudin and S. Osher and E. Fatemi},
	Doi = {http://dx.doi.org/10.1016/0167-2789(92)90242-F},
	Issn = {0167-2789},
	Journal = {Phys. D},
	Month = {November},
	Number = {1--4},
	Numpages = {10},
	Pages = {259--268},
	Publisher = {Elsevier Science Publishers B. V.},
	Title = {Nonlinear total variation based noise removal algorithms},
	Url = {http://dx.doi.org/10.1016/0167-2789(92)90242-F},
	Volume = {60},
	Year = {1992},
	Bdsk-Url-1 = {http://dx.doi.org/10.1016/0167-2789(92)90242-F}}

@book{AubinFrankowska90,
	Author = {J.-P. Aubin and H. Frankowska},
	Publisher = {Birkh\"auser, Boston},
	Title = {Set-Valued Analysis},
	Year = {1990}}

@techreport{Condat11,
	Author = {L. Condat},
	Date-Modified = {2012-03-28 16:27:13 +0200},
	Month = {July},
	Number = {hal-00609728v2},
	Title = {{A generic first-order primal-dual method for convex optimization involving Lipschitzian, proximable and linear composite terms}},
	Year = {2011}}

@article{Vu11,
	Author = {B. C. V{\~{u}}},
	Date-Modified = {2012-08-24 13:47:40 +0200},
	Journal = {Advances in Computational Mathematics},
	Note = {to appear},
	Pages = {1-15},
	Title = {A splitting algorithm for dual monotone inclusions involving cocoercive operators},
	Year = {2011},
	Bdsk-Url-1 = {http://dx.doi.org/10.1007/s10444-011-9254-8}}

@inproceedings{PeyreFadili11,
	Author = {G. Peyr{\'e} and M. J. Fadili},
	Booktitle = {Proc. EUSIPCO 2011},
	Pages = {303--307},
	Title = {Group Sparsity with Overlapping Partition Functions},
	Url = {http://hal.archives-ouvertes.fr/hal-00597771},
	Year = {2011},
	Bdsk-Url-1 = {http://hal.archives-ouvertes.fr/hal-00597771}}
